<record xmlns='http://www.loc.gov/MARC21/slim'><leader>01103cim a22003012u 4500</leader><controlfield tag='001'>3601114</controlfield><controlfield tag='005'>20151214182803.0</controlfield><controlfield tag='007'>ss|lmnjluz|nuu</controlfield><controlfield tag='008'>991101s1982    nyunnn         l    eng d</controlfield><datafield ind1=' ' ind2=' ' tag='035'><subfield code='a'>(NIC)notisASF8179</subfield></datafield><datafield ind1=' ' ind2=' ' tag='035'><subfield code='a'>3601114</subfield></datafield><datafield ind1=' ' ind2=' ' tag='035'><subfield code='a'>(OCoLC)63897076</subfield></datafield><datafield ind1=' ' ind2=' ' tag='040'><subfield code='a'>NIC</subfield><subfield code='c'>NIC</subfield><subfield code='d'>NIC</subfield></datafield><datafield ind1='1' ind2=' ' tag='100'><subfield code='a'>Choay, Françoise.</subfield></datafield><datafield ind1='1' ind2='0' tag='245'><subfield code='a'>Theory of architecture:  conflicting roles of myth</subfield><subfield code='h'>[sound recording]</subfield></datafield><datafield ind1=' ' ind2=' ' tag='260'><subfield code='c'>1982.</subfield></datafield><datafield ind1=' ' ind2=' ' tag='300'><subfield code='a'>2 sound cassettes (80 min.) :</subfield><subfield code='b'>analog, mono.</subfield></datafield><datafield ind1=' ' ind2=' ' tag='500'><subfield code='a'>Recorded in Ithaca, NY by Cornell University.</subfield></datafield><datafield ind1=' ' ind2=' ' tag='500'><subfield code='a'>Sponsored by: Architecture, Department of.</subfield></datafield><datafield ind1=' ' ind2=' ' tag='518'><subfield code='a'>Lecture, October 14, 1982.</subfield></datafield><datafield ind1=' ' ind2=' ' tag='520'><subfield code='a'>Choay outlines the concepts of myth, history, and remembrance and their relationship to the built environment.</subfield></datafield><datafield ind1=' ' ind2=' ' tag='540'><subfield code='a'>No reproductions authorized.</subfield></datafield><datafield ind1=' ' ind2='0' tag='650'><subfield code='a'>Architecture</subfield><subfield code='x'>Study and teaching.</subfield></datafield><datafield ind1=' ' ind2='7' tag='650'><subfield code='a'>Architecture</subfield><subfield code='x'>Study and teaching</subfield><subfield code='2'>fast</subfield><subfield code='0'>(OCoLC)fst00813524</subfield></datafield><datafield ind1=' ' ind2='0' tag='830'><subfield code='a'>Preston H. Thomas memorial lectures.</subfield></datafield><datafield ind1='1' ind2=' ' tag='899'><subfield code='a'>CULectures</subfield></datafield><datafield ind1=' ' ind2=' ' tag='905'><subfield code='a'>20000310120000.0</subfield></datafield><datafield ind1='2' ind2=' ' tag='948'><subfield code='a'>20141221</subfield><subfield code='b'>m</subfield><subfield code='d'>batch</subfield><subfield code='e'>lts</subfield><subfield code='x'>addfast</subfield></datafield></record>